<record><leader>00000cas a22000007a 4500</leader><controlfield tag="001">40944354</controlfield><controlfield tag="008">990311d19041933tnuwr ne      0    0eng d</controlfield><datafield ind1=" " ind2=" " tag="010"><subfield code="a">sn 99065756 </subfield></datafield><datafield ind1=" " ind2=" " tag="040"><subfield code="a">TGN</subfield><subfield code="b">eng</subfield><subfield code="c">TGN</subfield><subfield code="d">OCLCQ</subfield><subfield code="d">OCLCF</subfield><subfield code="d">OCLCO</subfield></datafield><datafield ind1=" " ind2=" " tag="042"><subfield code="a">msc</subfield></datafield><datafield ind1=" " ind2=" " tag="043"><subfield code="a">n-us-tn</subfield></datafield><datafield ind1="0" ind2=" " tag="130"><subfield code="a">McKenzie banner (McKenzie, Tenn. : 1904)</subfield></datafield><datafield ind1="1" ind2="4" tag="245"><subfield code="a">The McKenzie banner.</subfield></datafield><datafield ind1=" " ind2=" " tag="260"><subfield code="a">McKenzie, Tenn. :</subfield><subfield code="b">D.A. Burkhalter</subfield></datafield><datafield ind1=" " ind2=" " tag="300"><subfield code="a">v.</subfield></datafield><datafield ind1=" " ind2=" " tag="310"><subfield code="a">Weekly</subfield></datafield><datafield ind1="1" ind2=" " tag="362"><subfield code="a">Began in 1904; ceased with Oct. 27, 1933 issue.</subfield></datafield><datafield ind1=" " ind2=" " tag="588"><subfield code="a">Description based on: Vol. 5, no. 41 (Oct. 16, 1909).</subfield></datafield><datafield ind1=" " ind2="0" tag="651"><subfield code="a">McKenzie (Tenn.)</subfield><subfield code="v">Newspapers.</subfield></datafield><datafield ind1=" " ind2="0" tag="651"><subfield code="a">Carroll County (Tenn.)</subfield><subfield code="v">Newspapers.</subfield></datafield><datafield ind1=" " ind2="7" tag="655"><subfield code="a">Newspapers.</subfield><subfield code="2">fast</subfield><subfield code="0">(OCoLC)fst01423814</subfield></datafield><datafield ind1=" " ind2="7" tag="651"><subfield code="a">Tennessee</subfield><subfield code="z">Carroll County.</subfield><subfield code="2">fast</subfield><subfield code="0">(OCoLC)fst01206691</subfield></datafield><datafield ind1=" " ind2="7" tag="651"><subfield code="a">Tennessee</subfield><subfield code="z">McKenzie.</subfield><subfield code="2">fast</subfield><subfield code="0">(OCoLC)fst01218753</subfield></datafield><datafield ind1=" " ind2=" " tag="752"><subfield code="a">United States</subfield><subfield code="b">Tennessee</subfield><subfield code="c">Carroll</subfield><subfield code="d">McKenzie.</subfield></datafield><datafield ind1="0" ind2="0" tag="785"><subfield code="t">Banner (McKenzie, Tenn.)</subfield><subfield code="w">(DLC)sn 99065757</subfield></datafield></record>